<record><leader>00000cas a22000007a 4500</leader><controlfield tag="001">18046979</controlfield><controlfield tag="008">880607d19631967ohuwr ne      0    0eng d</controlfield><datafield ind1=" " ind2=" " tag="010"><subfield code="a">sn 88078604 </subfield></datafield><datafield ind1=" " ind2=" " tag="040"><subfield code="a">ONP</subfield><subfield code="b">eng</subfield><subfield code="c">ONP</subfield><subfield code="d">OCLCQ</subfield></datafield><datafield ind1=" " ind2=" " tag="042"><subfield code="a">msc</subfield></datafield><datafield ind1="0" ind2=" " tag="130"><subfield code="a">News-reporter (Hubbard, Ohio)</subfield></datafield><datafield ind1="1" ind2="0" tag="245"><subfield code="a">News-reporter.</subfield></datafield><datafield ind1="3" ind2="0" tag="246"><subfield code="a">News &amp; reporter</subfield></datafield><datafield ind1="3" ind2="0" tag="246"><subfield code="a">News and reporter</subfield></datafield><datafield ind1="3" ind2="0" tag="246"><subfield code="a">Suburban news reporter</subfield></datafield><datafield ind1=" " ind2=" " tag="260"><subfield code="a">Hubbard, Ohio :</subfield><subfield code="b">Niles Pub. Co.,</subfield><subfield code="c">1963-1967.</subfield></datafield><datafield ind1=" " ind2=" " tag="300"><subfield code="a">v.</subfield></datafield><datafield ind1=" " ind2=" " tag="310"><subfield code="a">Weekly</subfield></datafield><datafield ind1="0" ind2=" " tag="362"><subfield code="a">Jan. 24, 1963-41st year, no. 9 (Nov. 8, 1967).</subfield></datafield><datafield ind1=" " ind2=" " tag="500"><subfield code="a">Published as: Suburban news reporter, Jan. 20-Aug. 18, 1965.</subfield></datafield><datafield ind1=" " ind2="4" tag="651"><subfield code="a">Hubbard (Ohio)</subfield><subfield code="v">Newspapers.</subfield></datafield><datafield ind1=" " ind2="4" tag="651"><subfield code="a">Trumbull County (Ohio)</subfield><subfield code="v">Newspapers.</subfield></datafield><datafield ind1=" " ind2=" " tag="752"><subfield code="a">United States</subfield><subfield code="b">Ohio</subfield><subfield code="c">Trumbull</subfield><subfield code="d">Hubbard.</subfield></datafield><datafield ind1="0" ind2="0" tag="780"><subfield code="t">Hubbard news and suburban reporter</subfield><subfield code="w">(DLC)sn 88078605</subfield></datafield><datafield ind1="0" ind2="0" tag="785"><subfield code="t">Hubbard news and reporter</subfield><subfield code="w">(DLC)sn 88078603</subfield></datafield></record>